<record><leader>00000cas a22000007a 4500</leader><controlfield tag="001">62257224</controlfield><controlfield tag="008">051110c20059999nyuwr n       0   a0eng c</controlfield><datafield ind1=" " ind2=" " tag="010"><subfield code="a">  2005216051</subfield></datafield><datafield ind1=" " ind2=" " tag="040"><subfield code="a">NSD</subfield><subfield code="b">eng</subfield><subfield code="c">NSD</subfield><subfield code="d">NSD</subfield><subfield code="d">OCLCQ</subfield></datafield><datafield ind1=" " ind2=" " tag="012"><subfield code="l">1</subfield><subfield code="m">1</subfield></datafield><datafield ind1="1" ind2=" " tag="022"><subfield code="a">1558-9013</subfield><subfield code="l">1558-9013</subfield><subfield code="2">1</subfield></datafield><datafield ind1=" " ind2=" " tag="032"><subfield code="a">009398</subfield><subfield code="b">USPS</subfield></datafield><datafield ind1=" " ind2=" " tag="037"><subfield code="b">Gnome Home, Inc., 131 Peekamoose Rd., Sundown, NY 12782</subfield><subfield code="c">$16.00</subfield></datafield><datafield ind1=" " ind2=" " tag="042"><subfield code="a">pcc</subfield><subfield code="a">nsdp</subfield></datafield><datafield ind1="1" ind2="0" tag="050"><subfield code="a">ISSN RECORD</subfield></datafield><datafield ind1=" " ind2="0" tag="222"><subfield code="a">Ye olde tri-valley townsman</subfield></datafield><datafield ind1="0" ind2="0" tag="245"><subfield code="a">Ye olde tri-valley townsman.</subfield></datafield><datafield ind1=" " ind2=" " tag="260"><subfield code="a">Sundown, N.Y. :</subfield><subfield code="b">Gnome Home</subfield></datafield><datafield ind1=" " ind2=" " tag="300"><subfield code="a">v.</subfield></datafield><datafield ind1=" " ind2=" " tag="310"><subfield code="a">Weekly</subfield></datafield><datafield ind1="1" ind2=" " tag="362"><subfield code="a">Began in 2005?</subfield></datafield><datafield ind1=" " ind2=" " tag="588"><subfield code="a">Description based on surrogate of: Vol. 2, no. 1 (Jan. 12, 2006); title from caption.</subfield></datafield><datafield ind1="0" ind2="0" tag="780"><subfield code="t">Tri-valley townsman (1974)</subfield><subfield code="x">1067-2621</subfield><subfield code="w">(DLC)sn 90066319</subfield><subfield code="w">(OCoLC)22303237</subfield></datafield><datafield ind1="1" ind2=" " tag="029"><subfield code="a">AU@</subfield><subfield code="b">000028672766</subfield></datafield></record>